@article{Bayes_model_selection,
   author = {A. Vehtari, J. Ojanen},
   title = {A survey of Bayesian predictive methods for model assessment, selection and comparison},
   year = {2012},
   publisher = {Statistics Surveys},
   Volume = {Vol. 6 142-228}
}


@article{LS-SVM,
   author = {T. Van Gestel et. al.},
   title = {Bayesian Framwork for Least-Squares Support Vector Machine Classifiers, Gaussian Processes, and Kernel Fisher Discriminant Analysis},
   year = {2002},
   publisher = {Neural Computation},
   Volume = {Vol. 14 1115-1147}
}


