@article{Bayes_model_selection,
   author = {A. Vehtari, J. Ojanen},
   title = {A survey of {Bayesian} predictive methods for model assessment, selection and comparison},
   year = {2012},
   publisher = {Statistics Surveys},
   Volume = {Vol. 6 142-228}
}


@article{LS-SVM,
   author = {T. Van Gestel et. al.},
   title = {Bayesian {Framework for Least-Squares Support Vector Machine Classifiers, Gaussian Processes, and Kernel Fisher Discriminant Analysis}},
   year = {2002},
   publisher = {Neural Computation},
   Volume = {Vol. 14 1115-1147}
}

@article{LS-SVM_b,
   author = {T. Van Gestel et. al.},
   title = {Least {Squares Support Vector Machines}},
   year = {2002},
   publisher = {World Scientific Pub. Co., Singapore},
}

@article{Latent_Variables,
   author = {C. Williams. University of Edinburgh.},
   School = {University of Edinburgh},
   title = {Latent variable models and 'deep'  learning},
   year = {2011}
}


@article{Exp_Max,
   author = {M. Blume, Universität München.},
   School = {Universität München},
   title = {Expectation {Maximization: A Gentle Introduction}},
   year = {2017}
}


@article{Var_Bayes,
   author = {M. J. Beal, The Gatsby Computational Neuroscience Unit University College London.},
   title = {Variational {Algorithms for approximate Bayesian Inference}},
   year = {2003}
}


@article{Statistik_Schmidt,
   author = {C. Czado, T. Schmidt},
   title = {Mathematische {Statistik}},
   year = {2011},
   publisher = {Springer},
   pages = {57-63}
}


@article{Info_Geom,
   author = {Y. Ollivier, L. Arnold et. al.},
   title = {Information-{Geometric Optimization Algorithms: A
Unifying Picture via Invariance Principles}},
   year = {2017},
   journal = {Journal of Machine Learning Research},
   Volume = {18 1-65}
}


@article{Info_Geom_intro,
   author = {A. Caticha, University at Albany-SUNY. },
   title = {The {Basics of Information Geometry}},
   year = {2014}
}

@article{spectral_kernel,
   author = {Rheinischen Friedrich-Wilhelms-Universität Bonn, M. L. Braun},
   title = {Spectral {Properties of the Kernel Matrix and their Relation to Kernel Methods in Machine Learning}},
   year = {2005}
}

@article{Kernel_PCA,
   author = {R. Rosipal, M. Girolami},
   title = {An {Expectation Maximization Approach to Nonlinear Component Analysis}},
   year = {2001}
}

@article{Kernel,
   author = {T. Hofmann, B. Schölkopf, and A.J. Smola},
   title = {Kernel methods in machine learning},
   year = {2008},
   publisher = {Ann. Statist.},
   Volume = {Volume 36, Number 3, 1171-1220}
}

@article{SVM,
   author = {S.R. Gunn},
   title = {Support vector machines for classification and regression},
   year = {1998},
   publisher = {Faculty of Engineering, Science and Mathematics School of Electronics and Computer Science}
}

@article{Ridge,
   author = {A. E. Hoerl, R. W. Kennard},
   title = {Ridge regression: {Biased} estimation for nonorthogonal problems},
   year = {1970},
   volume = {Technometrics 12.1: 55-67}
}

@article{Ridge,
   author = {B. Elfron et. al.},
   title = {Least {Angle Regression}},
   year = {2003},
   publisher = {Stanford University}
}

@article{Eco,
   author = {W. Greene},
   title = {Econometric {Analysis}},
   year = {2003},
   publisher = {NJ: Prentice Hall},
   volume = {5th ed. Englewood Cliffs, NJ: Prentice Hall}
}